@article{ginter2012fused,
  title={Fused traditional and geometric morphometrics demonstrate pinniped whisker diversity},
  author={Ginter, Carly C and DeWitt, Thomas J and Fish, Frank E and Marshall, Christopher D},
  journal={PloS one},
  volume={7},
  number={4},
  pages={e34481},
  year={2012},
  publisher={Public Library of Science San Francisco, USA}
}