@article{ball2000response,
  title={Response of a herbivore community to increased food quality and quantity: an experiment with nitrogen fertilizer in a boreal forest},
  author={Ball, John P and Danell, Kjell and Sunesson, Peter},
  journal={Journal of Applied Ecology},
  volume={37},
  number={2},
  pages={247--255},
  year={2000},
  publisher={Wiley Online Library}
}