@article{steering1989final,
  title={Final report on the aspirin component of the ongoing Physicians' Health Study},
  author={Steering Committee of the Physicians' Health Study Research Group*},
  journal={New England Journal of Medicine},
  volume={321},
  number={3},
  pages={129--135},
  year={1989},
  publisher={Mass Medical Soc}
}