@book{qualls1983study,
  title={A study of joint decision making between husbands and wives in a housing purchase decision},
  author={Qualls, William James},
  year={1983},
  publisher={Indiana University, Kelley School of Business}
}
--
@article{sumithran2011long,
  title={Long-term persistence of hormonal adaptations to weight loss},
  author={Sumithran, Priya and Prendergast, Luke A and Delbridge, Elizabeth and Purcell, Katrina and Shulkes, Arthur and Kriketos, Adamandia and Proietto, Joseph},
  journal={New England Journal of Medicine},
  volume={365},
  number={17},
  pages={1597--1604},
  year={2011},
  publisher={Mass Medical Soc}
}